@article{Litvak2016,
author = "Vladimir Litvak",
title = "{Magnetoencephalography (MEG) recordings from a phantom with Deep Brain Stimulation (DBS) artefacts}",
year = "2016",
month = "10",
url = "https://figshare.com/articles/dataset/phantom090715_BrainampDBS_20150709_01_ds_zip/4042911",
doi = "10.6084/m9.figshare.4042911.v3"
}

@article{oswal2016analysis,
  title={Analysis of simultaneous MEG and intracranial LFP recordings during Deep Brain Stimulation: a protocol and experimental validation},
  author={Oswal, Ashwini and Jha, Ashwani and Neal, Spencer and Reid, Alphonso and Bradbury, David and Aston, Peter and Limousin, Patricia and Foltynie, Tom and Zrinzo, Ludvic and Brown, Peter and others},
  journal={Journal of neuroscience methods},
  volume={261},
  pages={29--46},
  year={2016},
  publisher={Elsevier}
}